@book{Gry,
    author={Lech Pijanowski},
    title={Przewodnik gier},
    publisher={Iskry},
    year={1978}
}

@misc{Chinook,
    title={How Checkers Was Solved},
    howpublished={Web pages: \url{https://www.theatlantic.com/technology/archive/2017/07/marion-tinsley-checkers/534111/}},
    url={https://www.theatlantic.com/technology/archive/2017/07/marion-tinsley-checkers/534111/}
}

@article{Solving,
    author={Jonathan Schaeffer and Robert Lake},
    title={Solving the Game of Checkers},
    year={1996}
}

@article{Solved,
    author={Jonathan Schaeffer and Neil Burch and Yngvi Björnsson and Akihiro Kishimoto and Martin Müller and Robert Lake and Paul Lu and Steve Sutphen},
    title={Checkers Is Solved},
    year={2007}
}

@book{Modern,
    author={Stuart Russel and Peter Norvig},
    title={Artificial Intelligence: A Modern Approach},
    publisher={Pearson Education, Inc.},
    year={2010}
}

@article{EvoCheckers,
    author={Jacek Mańdziuk and Magdalena Kusiak and Karol Walędzik},
    title={Evolutionary-based heuristic generators for checkers and give-away checkers},
    year={2007}
}

@book{RBA-SI,
    author={Ignasi Belda},
    title={Umysł, maszyny i matematyka},
    publisher={BUKA Books Sławomir Chojnacki},
    year={2012}
}

@misc{QSearch,
    title={Quiescence Search},
    howpublished={Web pages: \url{https://en.wikipedia.org/wiki/Quiescence_search}},
    url={https://en.wikipedia.org/wiki/Quiescence_search}
}
